@article{qi2017pointnet,
  title={PointNet: Deep Learning on Point Sets for 3D Classification and Segmentation},
  author={Qi, C.R. and Su, H. and Mo, K. and Guibas, L.J.},
  journal={Proc. Computer Vision and Pattern Recognition (CVPR), IEEE},
  year={2017}
}


@incollection{qi2017pointnetplusplus,
title = {PointNet++: Deep Hierarchical Feature Learning on Point Sets in a Metric Space},
author = {Qi, C.R. and Su, H. and Mo, K. and Guibas, L.J.},
booktitle = {Advances in Neural Information Processing Systems 30},
pages = {5105--5114},
year = {2017},
}

@article{Hse2004SketchedSR,
  title={Sketched symbol recognition using Zernike moments},
  author={Hse, H.H.  and Newton, A.R.},
  journal={ICPR},
  year={2004},
  volume={1},
  pages={367-370 Vol.1}
}
@inproceedings{LaViola2004MathPad2AS,
  title={MathPad2: a system for the creation and exploration of mathematical sketches},
  author={LaViola, J.J and Zeleznik, R.C.},
  booktitle={SIGGRAPH Courses},
  year={2004}
}
@inproceedings{Fonseca2000UsingFL,
  title={Using Fuzzy Logic to Recognize Geometric Shapes Interactively},
  author={Fonseca, M.J. and Jorge, J.A.},
  booktitle={FUZZ},
  year={2000}
}
@article{Eitz2012HowDH,
  title={How do humans sketch objects?},
  author={Eitz, M. and Hays, J. and Alexa, M.},
  journal={ACM Trans. Graph.},
  year={2012},
  volume={31},
  pages={44:1-44:10}
}
@article{LiHSG15,
  author    = {Li, Y. and
               Hospedales, T.M. and
               Song, Y.Z. and
               Gong, S.},
  title     = {Free-hand sketch recognition by multi-kernel feature learning},
  journal   = {Computer Vision and Image Understanding},
  volume    = {137},
  pages     = {1--11},
  year      = {2015},

}

@article{Schneider2014SketchCA,
  title={Sketch classification and classification-driven analysis using Fisher vectors},
  author={Schneider, R.G. and Tuytelaars, T.},
  journal={ACM Trans. Graph.},
  year={2014},
  volume={33},
  pages={174:1-174:9}
}

@inproceedings{Yu2015SketchaNetTB,
  title={Sketch-a-Net that Beats Humans},
  author={Yu, Q. and Yang, Y. and Song, Y.Z. and Xiang, T. and Hospedales, T.M.},
  booktitle={BMVC},
  year={2015}
}
@article{Seddati2015DeepSketchDC,
  title={DeepSketch: Deep convolutional neural networks for sketch recognition and similarity search},
  author={Seddati, O. and Dupont, S. and Mahmoudi, S.},
  journal={CBMI},
  year={2015},
  pages={1-6}
}

@inproceedings{SchenkelPenacEA,
  title={Penac Ee: a Neural Net System for Recognizing On-line Handwriting},
  author={Guyon, I. and Bromley, J. and MatiÄ‡, N. and Schenkel, M. and Weissman, H.},
  booktitle = {Models of Neural Networks III},
  year = {1996}
}
@inproceedings{Poisson2002MultimodularAB,
  title={Multi-modular Architecture Based on Convolutional Neural Networks for Online Handwritten Character Recognition},
  author={Poisson, E and Gaudin, C.V. and Lallican, P.M.},
  booktitle = {ICONIP},
  year={2002}
}
@inproceedings{Wobbrock2007GesturesWL,
  title={Gestures without libraries, toolkits or training: a \$1 recognizer for user interface prototypes},
  author={Wobbrock, J.O. and Wilson, A.D. and Li, Y.},
  booktitle={UIST},
  year={2007}
}

@inproceedings{LeCun1998GradientbasedLA,
  title={Gradient-based Learning Applied to Document Recognition},
  author={eCun, Y. and Bottou, L. and Bengio, Y. and Haffner, P.},
  booktitle = {Proceedings of the IEEE},
  year={1998}
}

@article{Dupont2016DeepSketch2D,
  title={DeepSketch 2: Deep convolutional neural networks for partial sketch recognition},
  author={Seddati, O. and Dupont, S. and Mahmoudi, S.},
  journal={CBMI},
  year={2016},
  pages={1-6}
}
@article{1801.07791,
Author = {Li, Y. and Bu, R. and Sun, M. and Chen, B.},
Title = {PointCNN},
Year = {2018},
journal = {arXiv:1801.07791},
}