@article{qi2017pointnet,
  title={PointNet: Deep Learning on Point Sets for 3D Classification and Segmentation},
  author={Qi, Charles R and Su, Hao and Mo, Kaichun and Guibas, Leonidas J},
  journal={Proc. Computer Vision and Pattern Recognition (CVPR), IEEE},
  year={2017}
}


@incollection{qi2017pointnetplusplus,
title = {PointNet++: Deep Hierarchical Feature Learning on Point Sets in a Metric Space},
author = {Qi, Charles R and Su, Hao and Mo, Kaichun and Guibas, Leonidas J},
booktitle = {Advances in Neural Information Processing Systems 30},
pages = {5105--5114},
year = {2017},
}

@article{Hse2004SketchedSR,
  title={Sketched symbol recognition using Zernike moments},
  author={Heloise Hwawen Hse and A. Richard Newton},
  journal={Proceedings of the 17th International Conference on Pattern Recognition, 2004. ICPR 2004.},
  year={2004},
  volume={1},
  pages={367-370 Vol.1}
}
@inproceedings{LaViola2004MathPad2AS,
  title={MathPad2: a system for the creation and exploration of mathematical sketches},
  author={Joseph J. LaViola and Robert C. Zeleznik},
  booktitle={SIGGRAPH Courses},
  year={2004}
}
@inproceedings{Fonseca2000UsingFL,
  title={Using Fuzzy Logic to Recognize Geometric Shapes Interactively},
  author={Manuel J. Fonseca and Joaquim A. Jorge},
  booktitle={FUZZ},
  year={2000}
}
@article{Eitz2012HowDH,
  title={How do humans sketch objects?},
  author={Mathias Eitz and James Hays and Marc Alexa},
  journal={ACM Trans. Graph.},
  year={2012},
  volume={31},
  pages={44:1-44:10}
}
@article{LiHSG15,
  author    = {Yi Li and
               Timothy M. Hospedales and
               Yi{-}Zhe Song and
               Shaogang Gong},
  title     = {Free-hand sketch recognition by multi-kernel feature learning},
  journal   = {Computer Vision and Image Understanding},
  volume    = {137},
  pages     = {1--11},
  year      = {2015},

}

@article{Schneider2014SketchCA,
  title={Sketch classification and classification-driven analysis using Fisher vectors},
  author={Ros{\'a}lia G. Schneider and Tinne Tuytelaars},
  journal={ACM Trans. Graph.},
  year={2014},
  volume={33},
  pages={174:1-174:9}
}

@inproceedings{Yu2015SketchaNetTB,
  title={Sketch-a-Net that Beats Humans},
  author={Qian Yu and Yongxin Yang and Yi-Zhe Song and Tao Xiang and Timothy M. Hospedales},
  booktitle={BMVC},
  year={2015}
}
@article{Seddati2015DeepSketchDC,
  title={DeepSketch: Deep convolutional neural networks for sketch recognition and similarity search},
  author={Seddati Omar and St{\'e}phane Dupont and Sa{\" i}d Mahmoudi},
  journal={2015 13th International Workshop on Content-Based Multimedia Indexing (CBMI)},
  year={2015},
  pages={1-6}
}

@inproceedings{SchenkelPenacEA,
  title={Penac Ee: a Neural Net System for Recognizing On-line Handwriting},
  author={Markus Schenkel and H. Weissman},
  booktitle = {Models of Neural Networks III},
  year = {1996}
}
@inproceedings{Poisson2002MultimodularAB,
  title={Multi-modular Architecture Based on Convolutional Neural Networks for Online Handwritten Character Recognition},
  author={Emilie Poisson and Christian Viard Gaudin and Pierre-Michel LALLICAN},
  booktitle = {ICONIP},
  year={2002}
}
@inproceedings{Wobbrock2007GesturesWL,
  title={Gestures without libraries, toolkits or training: a \$1 recognizer for user interface prototypes},
  author={Jacob O. Wobbrock and Andrew D. Wilson and Yang Li},
  booktitle={UIST},
  year={2007}
}

@inproceedings{LeCun1998GradientbasedLA,
  title={Gradient-based Learning Applied to Document Recognition},
  author={Yann LeCun},
  booktitle = {Proceedings of the IEEE},
  year={1998}
}

@article{Dupont2016DeepSketch2D,
  title={DeepSketch 2: Deep convolutional neural networks for partial sketch recognition},
  author={Seddati Omar and St{\'e}phane Dupont and Sa{\" i}d Mahmoudi},
  journal={2016 14th International Workshop on Content-Based Multimedia Indexing (CBMI)},
  year={2016},
  pages={1-6}
}